
@article{stockings2016,
	title = {Prevention, early intervention, harm reduction, and treatment of substance use in young people},
	author = {Stockings, Emily and Hall, Wayne D and Lynskey, Michael and Morley, Katherine I and Reavley, Nicola and Strang, John and Patton, George and Degenhardt, Louisa},
	year = {2016},
	month = {03},
	date = {2016-03},
	journal = {The Lancet Psychiatry},
	pages = {280--296},
	volume = {3},
	number = {3},
	doi = {10.1016/S2215-0366(16)00002-X},
	url = {https://linkinghub.elsevier.com/retrieve/pii/S221503661600002X},
	langid = {en}
}

@article{krug2015,
	title = {{\textquotedblleft}We don't need services. We have no problems{\textquotedblright}: exploring the experiences of young people who inject drugs in accessing harm reduction services},
	author = {Krug, Anita and Hildebrand, Mikaela and Sun, Nina},
	year = {2015},
	date = {2015},
	journal = {Journal of the International AIDS Society},
	pages = {19442},
	volume = {18},
	number = {2S1},
	doi = {10.7448/IAS.18.2.19442},
	url = {https://onlinelibrary.wiley.com/doi/abs/10.7448/IAS.18.2.19442},
	note = {{\_}eprint: https://onlinelibrary.wiley.com/doi/pdf/10.7448/IAS.18.2.19442},
	langid = {en}
}

@article{degenhardt2016,
	title = {The increasing global health priority of substance use in young people},
	author = {Degenhardt, Louisa and Stockings, Emily and Patton, George and Hall, Wayne D. and Lynskey, Michael},
	year = {2016},
	month = {03},
	date = {2016-03-01},
	journal = {The Lancet Psychiatry},
	pages = {251--264},
	volume = {3},
	number = {3},
	doi = {10.1016/S2215-0366(15)00508-8},
	url = {https://www.thelancet.com/journals/lanpsy/article/PIIS2215-0366(15)00508-8/fulltext},
	note = {Publisher: Elsevier},
	langid = {English}
}

@article{kimmel2020,
	title = {Association of Treatment With Medications for Opioid Use Disorder With Mortality After Hospitalization for Injection Drug Use{\textendash}Associated Infective Endocarditis},
	author = {Kimmel, Simeon D. and Walley, Alexander Y. and Li, Yijing and Linas, Benjamin P. and Lodi, Sara and Bernson, Dana and Weiss, Roger D. and Samet, Jeffrey H. and Larochelle, Marc R.},
	year = {2020},
	month = {10},
	date = {2020-10-14},
	journal = {JAMA Network Open},
	pages = {e2016228},
	volume = {3},
	number = {10},
	doi = {10.1001/jamanetworkopen.2020.16228},
	url = {https://doi.org/10.1001/jamanetworkopen.2020.16228}
}

@article{tinasti2018,
	title = {HIV and AIDS among adolescents who use drugs: opportunities for drug policy reform within the sustainable development agenda},
	author = {Tinasti, Khalid},
	year = {2018},
	date = {2018},
	journal = {Journal of the International AIDS Society},
	pages = {e25045},
	volume = {21},
	number = {S1},
	doi = {10.1002/jia2.25045},
	url = {https://onlinelibrary.wiley.com/doi/abs/10.1002/jia2.25045},
	note = {{\_}eprint: https://onlinelibrary.wiley.com/doi/pdf/10.1002/jia2.25045},
	langid = {en}
}

@article{colledge-frisby2023,
	title = {Global coverage of interventions to prevent and manage drug-related harms among people who inject drugs: a systematic review},
	author = {Colledge-Frisby, Samantha and Ottaviano, Sophie and Webb, Paige and Grebely, Jason and Wheeler, Alice and Cunningham, Evan B. and Hajarizadeh, Behzad and Leung, Janni and Peacock, Amy and Vickerman, Peter and Farrell, Michael and Dore, Gregory J. and Hickman, Matthew and Degenhardt, Louisa},
	year = {2023},
	month = {05},
	date = {2023-05-01},
	journal = {The Lancet Global Health},
	pages = {e673--e683},
	volume = {11},
	number = {5},
	doi = {10.1016/S2214-109X(23)00058-X},
	url = {https://www.thelancet.com/journals/langlo/article/PIIS2214-109X(23)00058-X/fulltext},
	note = {Publisher: Elsevier
PMID: 36996860},
	langid = {English}
}

@article{wodak2012,
	title = {Drug law reform: when bad policy is good politics},
	author = {Wodak, Alex},
	year = {2012},
	month = {11},
	date = {2012-11-10},
	journal = {The Lancet},
	pages = {1624--1626},
	volume = {380},
	number = {9854},
	doi = {10.1016/S0140-6736(12)61847-9},
	url = {https://www.thelancet.com/journals/lancet/article/PIIS0140-6736(12)61847-9/fulltext},
	note = {Publisher: Elsevier
PMID: 23134835},
	langid = {English}
}

@article{barrett,
	title = {THE IMPACTS OF DRUG POLICIES ON CHILDREN AND YOUNG PEOPLE},
	author = {Barrett, Damon},
	langid = {en}
}

@article{pauly2008,
	title = {Harm reduction through a social justice lens},
	author = {Pauly, Bernadette},
	year = {2008},
	month = {02},
	date = {2008-02-01},
	journal = {International Journal of Drug Policy},
	pages = {4--10},
	series = {Values and Ethics in Harm Reduction},
	volume = {19},
	number = {1},
	doi = {10.1016/j.drugpo.2007.11.005},
	url = {https://www.sciencedirect.com/science/article/pii/S0955395907002411}
}

@article{zampini2018,
	title = {Evidence and morality in harm-reduction debates: can we use value-neutral arguments to achieve value-driven goals?},
	author = {Zampini, Giulia Federica},
	year = {2018},
	month = {06},
	date = {2018-06-05},
	journal = {Palgrave Communications},
	pages = {1--10},
	volume = {4},
	number = {1},
	doi = {10.1057/s41599-018-0119-3},
	url = {https://www.nature.com/articles/s41599-018-0119-3},
	note = {Number: 1
Publisher: Palgrave},
	langid = {en}
}

@article{canêdo2022,
	title = {Harm reduction calls to action from young people who use drugs on the streets of Vancouver and Lisbon},
	author = {{Canêdo}, Joana and Sedgemore, Kali-olt and Ebbert, Kelly and Anderson, Haleigh and Dykeman, Rainbow and Kincaid, Katey and Dias, Claudia and Silva, Diana and Charlesworth, Reith and Knight, Rod and Fast, Danya and Youth Health Advisory Council, },
	year = {2022},
	month = {05},
	date = {2022-05-04},
	journal = {Harm Reduction Journal},
	pages = {43},
	volume = {19},
	number = {1},
	doi = {10.1186/s12954-022-00607-7},
	url = {https://doi.org/10.1186/s12954-022-00607-7},
	langid = {en}
}

@article{stowe2022,
	title = {The challenges, opportunities and strategies of engaging young people who use drugs in harm reduction: insights from young people with lived and living experience},
	author = {Stowe, M-J and Feher, Orsi and Vas, Beatrix and Kayastha, Sangeet and Greer, Alissa},
	year = {2022},
	month = {07},
	date = {2022-07-26},
	journal = {Harm Reduction Journal},
	pages = {83},
	volume = {19},
	number = {1},
	doi = {10.1186/s12954-022-00663-z},
	url = {https://doi.org/10.1186/s12954-022-00663-z},
	langid = {en}
}

@article{hall2016,
	title = {Why young people's substance use matters for global health},
	author = {Hall, Wayne D. and Patton, George and Stockings, Emily and Weier, Megan and Lynskey, Michael and Morley, Katherine I. and Degenhardt, Louisa},
	year = {2016},
	month = {03},
	date = {2016-03-01},
	journal = {The Lancet Psychiatry},
	pages = {265--279},
	volume = {3},
	number = {3},
	doi = {10.1016/S2215-0366(16)00013-4},
	url = {https://www.thelancet.com/journals/lanpsy/article/PIIS2215-0366(16)00013-4/fulltext},
	note = {Publisher: Elsevier},
	langid = {English}
}

@article{scheim2020,
	title = {Impact evaluations of drug decriminalisation and legal regulation on drug use, health and social harms: a systematic review},
	author = {Scheim, Ayden I. and Maghsoudi, Nazlee and Marshall, Zack and Churchill, Siobhan and Ziegler, Carolyn and Werb, Dan},
	year = {2020},
	month = {09},
	date = {2020-09-01},
	journal = {BMJ Open},
	pages = {e035148},
	volume = {10},
	number = {9},
	doi = {10.1136/bmjopen-2019-035148},
	url = {https://bmjopen.bmj.com/content/10/9/e035148},
	note = {Publisher: British Medical Journal Publishing Group
Section: Public health
PMID: 32958480},
	langid = {en}
}

@article{desjarlais2013,
	title = {High coverage needle/syringe programs for people who inject drugs in low and middle income countries: a systematic review},
	author = {Des Jarlais, Don C. and Feelemyer, Jonathan P. and Modi, Shilpa N. and Abdul-Quader, Abu and Hagan, Holly},
	year = {2013},
	month = {01},
	date = {2013-01-19},
	journal = {BMC Public Health},
	pages = {53},
	volume = {13},
	number = {1},
	doi = {10.1186/1471-2458-13-53},
	url = {https://doi.org/10.1186/1471-2458-13-53}
}

@article{chang2021,
	title = {Peer driven or driven peers? A rapid review of peer involvement of people who use drugs in HIV and harm reduction services in low- and middle-income countries},
	author = {Chang, Judy and Shelly, Shaun and Busz, Machteld and Stoicescu, Claudia and Iryawan, Arif Rachman and Madybaeva, Dinara and de Boer, Yuri and Guise, Andy},
	year = {2021},
	month = {02},
	date = {2021-02-03},
	journal = {Harm Reduction Journal},
	pages = {15},
	volume = {18},
	number = {1},
	doi = {10.1186/s12954-021-00461-z},
	url = {https://doi.org/10.1186/s12954-021-00461-z}
}

@article{díazmoreno2022,
	title = {Échele Cabeza as a harm reduction project and activist movement in Colombia},
	author = {{Díaz Moreno}, Mauro and {Alarcón Ayala}, Nathalia and Estrada, Yarelix and Morris, Vannesa and Quintero, {Julián}},
	year = {2022},
	month = {01},
	date = {2022-01-01},
	journal = {Drugs, Habits and Social Policy},
	pages = {263--276},
	volume = {23},
	number = {3},
	doi = {10.1108/DHS-07-2022-0026},
	url = {https://doi.org/10.1108/DHS-07-2022-0026},
	note = {Publisher: Emerald Publishing Limited}
}

@article{lambdin2013,
	title = {Identifying Programmatic Gaps: Inequities in Harm Reduction Service Utilization among Male and Female Drug Users in Dar es Salaam, Tanzania},
	author = {Lambdin, Barrot H. and Bruce, R. Douglas and Chang, Olivia and Nyandindi, Cassian and Sabuni, Norman and Zamudio-Haas, Sophia and McCurdy, Sheryl and Masao, Frank and Ivo, Yovin and Msami, Amani and Ubuguy, Omar and Mbwambo, Jessie},
	year = {2013},
	month = {06},
	date = {2013-06-25},
	journal = {PLOS ONE},
	pages = {e67062},
	volume = {8},
	number = {6},
	doi = {10.1371/journal.pone.0067062},
	url = {https://journals.plos.org/plosone/article?id=10.1371/journal.pone.0067062},
	note = {Publisher: Public Library of Science},
	langid = {en}
}

@article{brien2023,
	title = {Co-designing drug alerts for health and community workers for an emerging early warning system in Victoria, Australia},
	author = {Brien, Rita and Volpe, Isabelle and Grigg, Jasmin and Lyons, Tom and Hughes, Caitlin and McKinnon, Ginny and Tzanetis, Stephanie and Crawford, Sione and Eade, Alan and Lee, Nicole and Barratt, Monica J.},
	year = {2023},
	month = {03},
	date = {2023-03-09},
	journal = {Harm Reduction Journal},
	pages = {30},
	volume = {20},
	number = {1},
	doi = {10.1186/s12954-023-00761-6},
	url = {https://doi.org/10.1186/s12954-023-00761-6}
}

@article{quarto,
	title = {quarto: R Interface to 'Quarto' Markdown Publishing System},
	author = {Allaire, JJ},
	year = {2023},
	date = {2023},
	url = {https://CRAN.R-project.org/package=quarto}
}

@article{rmarkdown,
	title = {rmarkdown: Dynamic Documents for R},
	author = {Allaire, JJ and Xie, Yihui and Dervieux, Christophe and McPherson, Jonathan and Luraschi, Javier and Ushey, Kevin and Atkins, Aron and Wickham, Hadley and Cheng, Joe and Chang, Winston and Iannone, Richard},
	year = {2023},
	date = {2023},
	url = {https://github.com/rstudio/rmarkdown}
}

@misc{voicen,
	title = {{\textquoteleft}Voice needs teeth to have bite{\textquoteright}! Expanding community-led multisectoral action-learning to address alcohol and drug abuse in rural South Africa | PLOS Global Public Health},
	url = {https://journals.plos.org/globalpublichealth/article?id=10.1371/journal.pgph.0000323}
}

@article{harker2020,
	title = {Is South Africa being spared the global opioid crisis? A review of trends in drug treatment demand for heroin, nyaope and codeine-related medicines in South Africa (2012{\textendash}2017)},
	author = {Harker, Nadine and Lucas, {Warren Covelé} and Laubscher, Ria and Dada, Siphokazi and Myers, Bronwyn and Parry, Charles DH},
	year = {2020},
	month = {09},
	date = {2020-09-01},
	journal = {International Journal of Drug Policy},
	pages = {102839},
	volume = {83},
	doi = {10.1016/j.drugpo.2020.102839},
	url = {https://www.sciencedirect.com/science/article/pii/S0955395920301808}
}

@article{scheibe2020,
	title = {Prohibitionist Drug Policy in South Africa{\textemdash}Reasons and Effects},
	author = {Scheibe, Andrew and Shelly, Shaun and Versfeld, Anna},
	year = {2020},
	month = {09},
	date = {2020-09-01},
	journal = {International Development Policy | Revue internationale de politique de développement},
	number = {12},
	doi = {10.4000/poldev.4007},
	url = {https://journals.openedition.org/poldev/4007},
	note = {ISBN: 9782940600168
Number: 12
Publisher: Institut de hautes études internationales et du développement},
	langid = {en}
}

@article{barratt2022,
	title = {What is drug checking, anyway?},
	author = {Barratt, Monica J. and Measham, Fiona},
	year = {2022},
	month = {01},
	date = {2022-01-01},
	journal = {Drugs, Habits and Social Policy},
	pages = {176--187},
	volume = {23},
	number = {3},
	doi = {10.1108/DHS-01-2022-0007},
	url = {https://doi.org/10.1108/DHS-01-2022-0007},
	note = {Publisher: Emerald Publishing Limited}
}

@article{duarte2020,
	title = {Policy Determinants of Inequitable Exposure to the Criminal Legal System and Their Health Consequences Among Young People},
	author = {Duarte, {Catherine d.{\hspace{0.167em}}P.} and {Salas-Hernández}, Leslie and Griffin, Joseph S.},
	year = {2020},
	month = {01},
	date = {2020-01},
	journal = {American Journal of Public Health},
	pages = {S43--S49},
	volume = {110},
	number = {Suppl 1},
	doi = {10.2105/AJPH.2019.305440},
	url = {https://www.ncbi.nlm.nih.gov/pmc/articles/PMC6987944/},
	note = {PMID: 31967887
PMCID: PMC6987944}
}

@inbook{buxton2020,
	title = {Drugs and development: drug policies and the Global South},
	author = {Buxton, Julia},
	year = {2020},
	month = {09},
	date = {2020-09-15},
	publisher = {Edward Elgar Publishing},
	pages = {265--282},
	url = {https://www.elgaronline.com/edcollchap/edcoll/9781788117050/9781788117050.00025.xml},
	note = {Section: Research Handbook on International Drug Policy},
	langid = {en{\_}US}
}

@article{doyle2022,
	title = {Adolescent Health Series: Engagement with young people as partners in health research: Four case studies from Sub-Saharan Africa},
	author = {Doyle, Aoife M. and Dziva Chikwari, Chido and Majozi, Nomathamsanqa and Simwinga, Musonda and Mayingire, Gracious R. and Simbeye, Kelvin and Dringus, Stefanie and Bernays, Sarah},
	year = {2022},
	date = {2022},
	journal = {Tropical Medicine & International Health},
	pages = {2--12},
	volume = {27},
	number = {1},
	doi = {10.1111/tmi.13702},
	url = {https://onlinelibrary.wiley.com/doi/abs/10.1111/tmi.13702},
	note = {{\_}eprint: https://onlinelibrary.wiley.com/doi/pdf/10.1111/tmi.13702},
	langid = {en}
}

@article{peltzer2018,
	title = {Drug use among youth and adults in a population-based survey in South Africa},
	author = {Peltzer, Karl and Phaswana-Mafuya, Nancy},
	year = {2018},
	month = {04},
	date = {2018-04-12},
	journal = {The South African Journal of Psychiatry : SAJP : the Journal of the Society of Psychiatrists of South Africa},
	pages = {1139},
	volume = {24},
	doi = {10.4102/sajpsychiatry.v24i0.1139},
	url = {https://www.ncbi.nlm.nih.gov/pmc/articles/PMC6138152/},
	note = {PMID: 30263218
PMCID: PMC6138152}
}

@article{serebryakova,
	title = {THE CONTINUED CRISIS FOR HARM REDUCTION FUNDING IN LOW- AND MIDDLE-INCOME COUNTRIES},
	author = {Serebryakova, Lela and Cook, Catherine and Davies, Charlotte},
	langid = {en}
}

@article{serebryakovaa,
	title = {THE CONTINUED CRISIS FOR HARM REDUCTION FUNDING IN LOW- AND MIDDLE-INCOME COUNTRIES},
	author = {Serebryakova, Lela and Cook, Catherine and Davies, Charlotte},
	langid = {en}
}

@article{stowe2022a,
	title = {The challenges, opportunities and strategies of engaging young people who use drugs in harm reduction: insights from young people with lived and living experience},
	author = {Stowe, M-J and Feher, Orsi and Vas, Beatrix and Kayastha, Sangeet and Greer, Alissa},
	year = {2022},
	month = {07},
	date = {2022-07-26},
	journal = {Harm Reduction Journal},
	pages = {83},
	volume = {19},
	number = {1},
	doi = {10.1186/s12954-022-00663-z},
	url = {https://doi.org/10.1186/s12954-022-00663-z},
	langid = {en}
}

@article{toumbourou2007,
	title = {Interventions to reduce harm associated with adolescent substance use},
	author = {Toumbourou, J. W. and Stockwell, T. and Neighbors, C. and Marlatt, G. A. and Sturge, J. and Rehm, J.},
	year = {2007},
	month = {04},
	date = {2007-04-21},
	journal = {The Lancet},
	pages = {1391--1401},
	volume = {369},
	number = {9570},
	doi = {10.1016/S0140-6736(07)60369-9},
	url = {https://www.thelancet.com/article/S0140-6736(07)60369-9/fulltext},
	note = {Publisher: Elsevier
PMID: 17448826},
	langid = {English}
}

@article{worldhealthorganization2009,
	title = {WHO, UNODC, UNAIDS technical guide for countries to set targets for universal access to HIV prevention, treatment and care for injecting drug users},
	author = {World Health Organization,  and World Health Organization. Regional Office for Europe,  and UNAIDS,  and United Nations. Office on Drugs and Crime, },
	year = {2009},
	date = {2009},
	journal = {OMS, ONUDC, ONUSIDA : guide technique destiné aux pays pour la définition des objectifs nationaux pour l'accès universel à la prévention, au traitement, aux soins et au soutien en matière de VIH/SIDA},
	pages = {40},
	url = {https://iris.who.int/handle/10665/44068},
	note = {Place: Geneva
Publisher: World Health Organization},
	langid = {en}
}

@article{bhandari2021,
	title = {A qualitative study to understand drivers of psychoactive substance use among Nepalese youth},
	author = {Bhandari, Tulsi Ram and Khatiwada, Bhushan and Rajbhandari, Bibika and Bestman, Amy and Mistry, Sabuj Kanti and Rayamajhee, Binod and Rawal, Lal B. and Yadav, Uday Narayan},
	year = {2021},
	month = {11},
	date = {2021-11-05},
	journal = {PLOS ONE},
	pages = {e0259021},
	volume = {16},
	number = {11},
	doi = {10.1371/journal.pone.0259021},
	url = {https://journals.plos.org/plosone/article?id=10.1371/journal.pone.0259021},
	note = {Publisher: Public Library of Science},
	langid = {en}
}

@article{kakchapati2018,
	title = {Drug use, injecting behaviors, and survival sex among street children and youths in Kathmandu valley, Nepal},
	author = {Kakchapati, Sampurna and Shrestha, Bishnu and Li, Dan Y and Rajbhandari, Rajesh and Poudel, Tarun},
	year = {2018},
	month = {05},
	date = {2018-05-01},
	journal = {International Journal of STD & AIDS},
	pages = {588--597},
	volume = {29},
	number = {6},
	doi = {10.1177/0956462417746532},
	url = {https://doi.org/10.1177/0956462417746532},
	note = {Publisher: SAGE Publications},
	langid = {en}
}

@misc{substanc,
	title = {Substance use by adolescents in the Western Developmental Region of Nepal},
	url = {https://www.tandfonline.com/doi/epdf/10.3109/14659891.2015.1005182?needAccess=true},
	note = {ISSN: 1465-9891},
	langid = {en}
}

@misc{humanri,
	title = {Human rights and drug policies in Nepal},
	url = {https://idpc.net/publications/2021/12/human-rights-and-drug-policies-in-nepal},
	langid = {en}
}

@misc{wdr2022,
	title = {WDR 2022{\_}Booklet 2},
	url = {//www.unodc.org/unodc/en/data-and-analysis/wdr-2022_booklet-2.html},
	langid = {en}
}

@misc{al,
	title = {HIV and the criminalisation of drug use among people who inject drugs: a systematic review | EndNote Click},
	author = {al, K. Debeck et},
	url = {https://click.endnote.com/viewer?doi=10.1016%2Fs2352-3018%2817%2930073-5&token=WzM3NTA4MTksIjEwLjEwMTYvczIzNTItMzAxOCgxNykzMDA3My01Il0.Ts7hcTCZoSNQ-NyW2eKcdqScIQQ},
	langid = {en}
}

@article{debeck2017,
	title = {HIV and the criminalisation of drug use among people who inject drugs: a systematic review},
	author = {DeBeck, Kora and Cheng, Tessa and Montaner, Julio S. and Beyrer, Chris and Elliott, Richard and Sherman, Susan and Wood, Evan and Baral, Stefan},
	year = {2017},
	month = {08},
	date = {2017-08-01},
	journal = {The Lancet HIV},
	pages = {e357--e374},
	volume = {4},
	number = {8},
	doi = {10.1016/S2352-3018(17)30073-5},
	url = {https://www.thelancet.com/journals/lanhiv/article/PIIS2352-3018(17)30073-5/fulltext},
	note = {Publisher: Elsevier
PMID: 28515014},
	langid = {English}
}

@article{rekart2005,
	title = {Sex-work harm reduction},
	author = {Rekart, Michael L.},
	year = {2005},
	month = {12},
	date = {2005-12-17},
	journal = {The Lancet},
	pages = {2123--2134},
	volume = {366},
	number = {9503},
	doi = {10.1016/S0140-6736(05)67732-X},
	url = {https://www.thelancet.com/journals/lancet/article/PIIS014067360567732X/fulltext?isEOP=true},
	note = {Publisher: Elsevier
PMID: 16360791},
	langid = {English}
}

@article{debeck2017a,
	title = {HIV and the criminalisation of drug use among people who inject drugs: a systematic review},
	author = {DeBeck, Kora and Cheng, Tessa and Montaner, Julio S. and Beyrer, Chris and Elliott, Richard and Sherman, Susan and Wood, Evan and Baral, Stefan},
	year = {2017},
	month = {08},
	date = {2017-08-01},
	journal = {The Lancet HIV},
	pages = {e357--e374},
	volume = {4},
	number = {8},
	doi = {10.1016/S2352-3018(17)30073-5},
	url = {https://www.thelancet.com/journals/lanhiv/article/PIIS2352-3018(17)30073-5/fulltext},
	note = {Publisher: Elsevier
PMID: 28515014},
	langid = {English}
}

@misc{wdr2022a,
	title = {WDR 2022{\_}Booklet 2},
	url = {//www.unodc.org/unodc/en/data-and-analysis/wdr-2022_booklet-2.html},
	langid = {en}
}

@article{dambruoso2022,
	title = {{\textquoteleft}Voice needs teeth to have bite{\textquoteright}! Expanding community-led multisectoral action-learning to address alcohol and drug abuse in rural South Africa},
	author = {{D{\textquoteright}Ambruoso}, Lucia and Mabetha, Denny and Twine, Rhian and Merwe, Maria van der and Hove, Jennifer and Goosen, Gerhard and Sigudla, Jerry and Witter, Sophie and Platform, {On behalf of the Verbal Autopsy with Participatory Action Research (VAPAR)/Wits/Mpumalanga Department of Health Learning}},
	year = {2022},
	month = {10},
	date = {2022-10-19},
	journal = {PLOS Global Public Health},
	pages = {e0000323},
	volume = {2},
	number = {10},
	doi = {10.1371/journal.pgph.0000323},
	url = {https://journals.plos.org/globalpublichealth/article?id=10.1371/journal.pgph.0000323},
	note = {Publisher: Public Library of Science},
	langid = {en}
}

@article{hernándezcastillo2019,
	title = {Racialized Geographies and the {\textquotedblleft}War on Drugs{\textquotedblright}: Gender Violence, Militarization, and Criminalization of Indigenous Peoples},
	author = {{Hernández Castillo}, {Rosalva Aída}},
	year = {2019},
	date = {2019},
	journal = {The Journal of Latin American and Caribbean Anthropology},
	pages = {635--652},
	volume = {24},
	number = {3},
	doi = {10.1111/jlca.12432},
	url = {https://onlinelibrary.wiley.com/doi/abs/10.1111/jlca.12432},
	note = {{\_}eprint: https://onlinelibrary.wiley.com/doi/pdf/10.1111/jlca.12432},
	langid = {es}
}

@article{morales2020,
	title = {{\textquotedblleft}Pick up anything that moves{\textquotedblright}: a qualitative analysis of a police crackdown against people who use drugs in Tijuana, Mexico},
	author = {Morales, Mario and Rafful, Claudia and Baker, Pieter and Arredondo, Jaime and Kang, Sunyou and Mittal, Maria L. and {Rocha-Jiménez}, Teresita and Strathdee, Steffanie A. and Beletsky, Leo},
	year = {2020},
	month = {04},
	date = {2020-04-29},
	journal = {Health & Justice},
	pages = {9},
	volume = {8},
	number = {1},
	doi = {10.1186/s40352-020-00111-9},
	url = {https://doi.org/10.1186/s40352-020-00111-9}
}

@article{krug,
	title = {A global review of harm reduction services for young people},
	author = {Krug, Anita},
	langid = {en}
}

@article{jumbe2021,
	title = {Determinants of adolescent substance use in Africa: a systematic review and meta-analysis protocol},
	author = {Jumbe, Sandra and Kamninga, Tony Mwenda and Mwalwimba, Isaac and Kalu, Ukwuori-Gisela},
	year = {2021},
	month = {04},
	date = {2021-04-27},
	journal = {Systematic Reviews},
	pages = {125},
	volume = {10},
	number = {1},
	doi = {10.1186/s13643-021-01680-y},
	url = {https://doi.org/10.1186/s13643-021-01680-y}
}

@article{david2023,
	title = {{\textquotedblleft}We Want to See Youth That Would Be Better People Than Us{\textquotedblright}: A Case Report on Addressing Adolescent Substance Use in Rural South Africa},
	author = {David, Ifeolu and Wegner, Lisa and Majee, Wilson},
	year = {2023},
	month = {01},
	date = {2023-01},
	journal = {International Journal of Environmental Research and Public Health},
	pages = {3493},
	volume = {20},
	number = {4},
	doi = {10.3390/ijerph20043493},
	url = {https://www.mdpi.com/1660-4601/20/4/3493},
	note = {Number: 4
Publisher: Multidisciplinary Digital Publishing Institute},
	langid = {en}
}

@article{jumbe2021a,
	title = {Determinants of adolescent substance use in Africa: a systematic review and meta-analysis protocol},
	author = {Jumbe, Sandra and Kamninga, Tony Mwenda and Mwalwimba, Isaac and Kalu, Ukwuori-Gisela},
	year = {2021},
	month = {04},
	date = {2021-04-27},
	journal = {Systematic Reviews},
	pages = {125},
	volume = {10},
	number = {1},
	doi = {10.1186/s13643-021-01680-y},
	url = {https://doi.org/10.1186/s13643-021-01680-y}
}

@article{ogundipe2018,
	title = {Substance use among adolescents in sub-Saharan Africa : a systematic review and meta-analysis},
	author = {Ogundipe, O. and Amoo, E. O. and Adeloye, D. and Olawole, -Isaac A.},
	year = {2018},
	month = {09},
	date = {2018-09-17},
	journal = {South African Journal of Child Health},
	pages = {s79--s84},
	volume = {2018},
	number = {1},
	doi = {10.7196/SAJCH.2018.v12i2.1524},
	url = {https://journals.co.za/doi/abs/10.7196/SAJCH.2018.v12i2.1524},
	note = {Publisher: South African Medical Association NPC}
}

@article{jacobs2020,
	title = {Socio-Ecological Factors of Adolescent Substance Use in Nigeria: A Systematic Review of Literature},
	author = {Jacobs, Wura and Amuta-Jimenez, Ann O and Olusanya, Olufunto A. and Bristow, Alane Fajayan and Adeloye, Davies and Barry, Adam E.},
	year = {2020},
	date = {2020},
	journal = {Journal of Health Care for the Poor and Underserved},
	pages = {1765--1784},
	volume = {31},
	number = {4},
	url = {https://muse.jhu.edu/pub/1/article/772771},
	note = {Publisher: Johns Hopkins University Press}
}

@article{delatorre-luque2021,
	title = {Prevalence of addictive behaviours among adolescents from 73 low-and middle-income countries},
	author = {de la Torre-Luque, Alejandro and Ozeylem, Fatos and Essau, Cecilia A.},
	year = {2021},
	month = {12},
	date = {2021-12-01},
	journal = {Addictive Behaviors Reports},
	pages = {100387},
	volume = {14},
	doi = {10.1016/j.abrep.2021.100387},
	url = {https://www.sciencedirect.com/science/article/pii/S235285322100050X}
}

@article{daniels2021,
	title = {Decolonizing drug policy},
	author = {Daniels, Colleen and Aluso, Aggrey and Burke-Shyne, Naomi and Koram, Kojo and Rajagopalan, Suchitra and Robinson, Imani and Shelly, Shaun and Shirley-Beavan, Sam and Tandon, Tripti},
	year = {2021},
	month = {11},
	date = {2021-11-27},
	journal = {Harm Reduction Journal},
	pages = {120},
	volume = {18},
	number = {1},
	doi = {10.1186/s12954-021-00564-7},
	url = {https://doi.org/10.1186/s12954-021-00564-7}
}

@article{dambruoso2022a,
	title = {{\textquoteleft}Voice needs teeth to have bite{\textquoteright}! Expanding community-led multisectoral action-learning to address alcohol and drug abuse in rural South Africa},
	author = {{D{\textquoteright}Ambruoso}, Lucia and Mabetha, Denny and Twine, Rhian and Merwe, Maria van der and Hove, Jennifer and Goosen, Gerhard and Sigudla, Jerry and Witter, Sophie and Platform, {On behalf of the Verbal Autopsy with Participatory Action Research (VAPAR)/Wits/Mpumalanga Department of Health Learning}},
	year = {2022},
	month = {10},
	date = {2022-10-19},
	journal = {PLOS Global Public Health},
	pages = {e0000323},
	volume = {2},
	number = {10},
	doi = {10.1371/journal.pgph.0000323},
	url = {https://journals.plos.org/globalpublichealth/article?id=10.1371/journal.pgph.0000323},
	note = {Publisher: Public Library of Science},
	langid = {en}
}

@article{harmreductioninternational2020,
	title = {The Global State of Harm Reduction 2020},
	author = {Harm Reduction International, },
	year = {2020},
	date = {2020},
	url = {https://hri.global/wp-content/uploads/2022/10/Global_State_HRI_2020_BOOK_FA_Web-1.pdf}
}
